@book{
    Math3d,
    author="Eric Lengyel",
    title="Mathmatics for 3d game programming and computer graphics",
    publisher="Course Technology PTR",
    year="2012",
},
@misc{vtkBook,
  howpublished = "\url{https://lorensen.github.io/VTKExamples/site/VTKBook/00Preface/}",
  note = "[VTKBook]"
},
@misc{urtech,
  howpublished = "\url{https://www.youtube.com/watch?v=4z6zRet_gkg\&list=PLbCDZQXIq7uYaf263gr-zb0wZGoCL-T5G}",
  note = "[Urtech University lectures]"
},
